@Book{Rosner2016,
  title = {Fundamentals of Biostatistics},
  author = {Bernard Rosner},
  publisher = {Cengage Learning},
  address = {Boston, Massachusetts},
  year = {2016},
  edition = {8th},
  note = {ISBN 978-1-305-26892},
  url = {https://www.cengage.com/c/fundamentals-of-biostatistics-8e-rosner},
}
